% eine Internet Quelle

@manual{FP,
    title         = {Erzeugung und Messung koh√§renter, ultra-schneller Gitterschwingungen in Nanostrukturen mit Hilfe eines Anrege-Abfrage-Experiments},
    subtitle      = {Versuchsanleitung Lehrstuhlversuch E2},
    author        = {Felix Godejohann},
    organization  = {TU Dortmund},
    location      = {Dortmund, Deutschland},
    date          = {2018},
}
@article{PDG,
      author         = "Patrignani, C. and others",
      title          = "{Review of Particle Physics}",
      collaboration  = "Particle Data Group",
      journal        = "Chin. Phys.",
      volume         = "C40",
      year           = "2016",
      number         = "10",
      pages          = "100001",
      doi            = "10.1088/1674-1137/40/10/100001"
}

@Misc{scipy,
  author  =    {Eric Jones and Travis Oliphant and Pearu Peterson and others},
  title   =     {{SciPy}: Open source scientific tools for {Python}},
  year    =      {2001},
  url     = "http://www.scipy.org/",
}

@Misc{uncertain,
  author  =    {Eric O. Lebigot},
  title   =     {Uncertainties: a Python package for calculations with uncertainties},
  year    =      {2018},
  url     = "http://uncertainties-python-package.readthedocs.io/en/latest/#",
}

@book{galfenol,
  author    = {Abramovich, Haim},
  title     = {Intelligent Materials and Structures},
  year      = {2016},
  publisher = {De Gruyter},
}

@article{3TM-1,
  title={Ultrafast spin dynamics},
  author={van Kampen, Maarten},
  journal={Technische Universteit Eindhoven},
  year={2003},
  publisher={Citeseer}
}

@article{3TM-2,
  title={Non-equilibrium phase diagram of Bi2 Sr2 Y0. 08 Ca0. 92 Cu2 O8+ $\delta$ cuprate superconductors revealed by ultrafast optical spectroscopy},
  author={Cilento, Federico},
  year={2011},
  publisher={Universit{\`a} degli studi di Trieste}
}

@article{ASOPS,
  title={Ultrafast time-domain spectroscopy based on high-speed asynchronous optical sampling},
  author={Bartels, Albrecht and Cerna, Roland and Kistner, Caroline and Thoma, Arne and Hudert, Florian and Janke, Christof and Dekorsy, Thomas},
  journal={Review of Scientific Instruments},
  volume={78},
  number={3},
  pages={035107},
  year={2007},
  publisher={AIP}
}
