% eine Internet Quelle

@manual{FP,
    title   = {Versuchsanleitung Versuch 64},
    author = {Fortgeschrittenen Praktikum},
    organization = {TU Dortmund},
    location = {Dortmund, Deutschland},
    url = {http://129.217.224.2/HOMEPAGE/Anleitung_FPBSc.html},
    date = {2017},
}
@ELECTRONIC{n,
    title   = {RefractiveIndex.INFO},
    author = {Mikhail Polyanskiy},
    url = {https://refractiveindex.info/},
}
@Misc{scipy,
  author =    {Eric Jones and Travis Oliphant and Pearu Peterson and others},
  title =     {{SciPy}: Open source scientific tools for {Python}},
  year =      {2001},
  url = "http://www.scipy.org/",
}
