% eine Internet Quelle

@manual{FP,
    title   = {Versuchsanleitung Versuch 51},
    author = {Fortgeschrittenen Praktikum},
    organization = {TU Dortmund},
    location = {Dortmund, Deutschland},
    url = {http://129.217.224.2/HOMEPAGE/PHYSIKER/MASTER/SKRIPT/V59.pdf},
    year = {2018},
    month = {06},
}
@article{PDG,
      author         = "Patrignani, C. and others",
      title          = "{Review of Particle Physics}",
      collaboration  = "Particle Data Group",
      journal        = "Chin. Phys.",
      volume         = "C40",
      year           = "2016",
      number         = "10",
      pages          = "100001",
      doi            = "10.1088/1674-1137/40/10/100001"
}

@Misc{scipy,
  author =    {Eric Jones and Travis Oliphant and Pearu Peterson and others},
  title =     {{SciPy}: Open source scientific tools for {Python}},
  year =      {2001--},
  url = "http://www.scipy.org/",
  note = {[Online; accessed \today]},
}

@Misc{uncertain,
  author =    {Eric O. Lebigot},
  title =     {Uncertainties: a Python package for calculations with uncertainties},
  year =      {2010--},
  url = "http://uncertainties-python-package.readthedocs.io/en/latest/#",
  note = {[Online; accessed \today]}
}
