@manual{FP,
    title   = {Versuchsanleitung Versuch 48},
    author = {Fortgeschrittenen Praktikum},
    organization = {TU Dortmund},
    location = {Dortmund, Deutschland},
    url = {http://129.217.224.2/HOMEPAGE/PHYSIKER/MASTER/SKRIPT/V48.pdf},
    date = {2018},
}

@Misc{scipy,
  author  =    {Eric Jones and Travis Oliphant and Pearu Peterson and others},
  title   =     {{SciPy}: Open source scientific tools for {Python}},
  year    =      {2001},
  url     = "http://www.scipy.org/",
}

@Misc{uncertain,
  author  =    {Eric O. Lebigot},
  title   =     {Uncertainties: a Python package for calculations with uncertainties},
  year    =      {2018},
  url     = "http://uncertainties-python-package.readthedocs.io/en/latest/#",
}

@article{KBr-Sr,
  title     = {Effect of Irradiation on Impurity--Vacancy Dipoles in KBr Crystals Doped with Strontium},
  author    = {Muccillo, R and Rolfe, J},
  journal   = {physica status solidi (b)},
  volume    = {61},
  number    = {2},
  pages     = {579--587},
  year      = {1974},
  publisher = {Wiley Online Library}
}
