% eine Internet Quelle

@manual{FP,
    title   = {Versuchsanleitung Versuch 21},
    author = {Fortgeschrittenen Praktikum},
    organization = {TU Dortmund},
    location = {Dortmund, Deutschland},
    url = {http://129.217.224.2/HOMEPAGE/Anleitung_FPBSc.html},
    date = {2017},
}
19343.0 nT
@ELECTRONIC{hB,
    title   = {Deklinationsrechner},
    author = {GFZ Potsdam},
    url = {www-app3.gfz-potsdam.de/Declinationcalc/declinationcalc.html},
}

@ELECTRONIC{n,
    title   = {RefractiveIndex.INFO},
    author = {Mikhail Polyanskiy},
    url = {https://refractiveindex.info/},
}

@ELECTRONIC{gfac,
	title   = {Optical  Pumping  of  Rubidium  Vapor},
	author = {Emily  Wang  and  Kelley  Rivoire},
	url = {http://web.mit.edu/wangfire/pub8.14/opslides.pdf},
}

@ELECTRONIC{landeE-,
	title   = {electron g factor},
	author = {CODATA Recommended Values},
	url = {https://physics.nist.gov/cgi-bin/cuu/Value?gem},
}

@ELECTRONIC{coreSpin,
	title   = {Elemente des Periodensystems: Rb (Rubidium)},
	url = {http://www.chemgapedia.de/vsengine/vlu/vsc/de/ch/11/aac/vorlesung/kap_3/vlu/elemente.vlu/Page/vsc/de/ch/11/aac/vorlesung/kap_3/pse/datenblaetter/element_rb.vscml.html},
}

@ELECTRONIC{isoVer,
	title   = {Rubidium},
	url = {http://www.periodensystem.info/elemente/rubidium},
}


@Misc{scipy,
  author =    {Eric Jones and Travis Oliphant and Pearu Peterson and others},
  title =     {{SciPy}: Open source scientific tools for {Python}},
  year =      {2001},
  url = "http://www.scipy.org/",
}
